@article{LZ,
author = {Welch, T. A.},
title = {A Technique for High-Performance Data Compression},
journal = {Computer},
issue_date = {June 1984},
volume = {17},
number = {6},
month = jun,
year = {1984},
issn = {0018-9162},
pages = {8--19},
numpages = {12},
url = {http://dx.doi.org/10.1109/MC.1984.1659158},
doi = {10.1109/MC.1984.1659158},
acmid = {1320134},
publisher = {IEEE Computer Society Press},
address = {Los Alamitos, CA, USA},
} 
